@ARTICLE{MuJoCo,
  title={MuJoCo: A physics engine for model-based control},
  author={Todorov, Emanuel and Erez, Tom and Tassa, Yuval},
  journal={2012 IEEE/RSJ International Conference on Intelligent Robots and Systems},
  pages={5026--5033},
  year={2012},
  month={10},
  doi={10.1109/IROS.2012.6386109}
}

@ARTICLE{Pinocchio,
  title={The {P}inocchio {C}++ library -- {A} fast and flexible implementation of rigid body dynamics algorithms and their analytical derivatives},
  author={J. Carpentier and G. Saurel and G. Buondonno and J. Mirabel and F. Lamiraux and O. Stasse and N. Mansard},
  journal={International Symposium on System Integration {SII}},
  year={2019},
  month={1},
  doi={10.1109/SII.2019.8700380}
}

@ARTICLE{CvxPy,
  author  = {Steven Diamond and Stephen Boyd},
  title   = {{CVXPY}: {A} {P}ython-embedded modeling language for convex optimization},
  journal = {Journal of Machine Learning Research},
  year    = {2016},
  volume  = {17},
  number  = {83},
  pages   = {1--5},
}

@ARTICLE{UdwadiaKalabaApproach,
  author  = {Firdaus Udwadia and Robert Kalaba},
  title   = {A new perspective on constrained motion},
  journal = {Proceedings of the Royal Society of London. Series A: Mathematical and Physical Sciences},
  year    = {1992},
  month   = {11},
  volume  = {439},
  number  = {1906},
  pages   = {407--410},
  doi={10.1098/rspa.1992.0158}
}

@ARTICLE{ConstHamiltonSys,
    title={Constrained motion of Hamiltonian systems},
    author={Firdaus E. Udwadia},
    journal={The Computer Journal},
    volume={84},
    number={3},
    pages={1135–-1145},
    year={2015},
    month={12},
    doi={10.1007/s11071-015-2558-3}
}

@ARTICLE{A_2,
    title={Optimal tracking control of nonlinear dynamical systems},
    author={Firdaus E. Udwadia},
    journal={Proceedings of the Royal Society A: Mathematical, Physical and Engineering Sciences},
    volume={464},
    number={2097},
    pages={2341-–2363},
    year={2008},
    month={4},
    doi={10.1098/rspa.2008.0040}
}

@ARTICLE{AppOfUdwadiaKalabaApproach,
    title={Application of the Udwadia-Kalaba approach to tracking control of mobile robots},
    author={H. Sun et al.},
    journal={Nonlinear Dynamics},
    volume={83},
    number={1--2},
    pages={389--400},
    year={2015},
    month={8},
    doi={10.1007/s11071-015-2335-3}
}

@ARTICLE{UnifiedFrameworkOfRobotControl,
    title={A unifying framework for robot control with redundant DOFs},
    author={Jan Peters and Michael Mistry and Firdaus Udwadia and Jun Nakanishi and Stefan Schaal},
    journal={Autonomous Robots},
    volume={24},
    number={1},
    pages={1-–12},
    year={2007},
    month={10},
    doi={10.1007/s10514-007-9051-x}
}

@ARTICLE{A_5,
    title={An optimal control approach to robust control design},
    author={Feng Lin},
    journal={International Journal of Control},
    volume={73},
    number={3},
    pages={177–-186},
    year={2000},
    month={1},
    doi={10.1080/002071700219722}
}

@ARTICLE{OptimizationBasedLocomotionPlanning,
    title={Optimization-based locomotion planning, estimation, and control design for the atlas humanoid robot},
    author={Scott Kuindersma and Robin Deits and Maurice Fallon and et al.},
    journal={Autonomous Robots},
    volume={40},
    pages={429--455},
    year={2015},
    month={7},
    doi={10.1007/s10514-015-9479-3}
}

@ARTICLE{WholeBodyControlForm,
    title={Whole Body Control Formulation for Humanoid Robots with Closed/Parallel Kinematic Chains: Kangaroo Case Study},
    author={Sait Sovukluk and Johannes Englsberger and Christian Ott},
    journal={International Conference on Intelligent Robots and Systems (IROS)},
    year={2023},
    month={10},
    doi={10.1109/IROS55552.2023.10341391}
}

@ARTICLE{BodyDynWithClosedLoop,
    title={Recursive Rigid-Body Dynamics Algorithms for Systems with Kinematic Loops},
    author={Matthew Chignoli and Nicholas Adrian and Patrick M. Wensing},
    journal={arXiv.org},
    year={2023},
    month={11},
    doi={10.48550/arXiv.2311.13732}
}
